<?xml version="1.0" encoding="UTF-8"?><collection xmlns="http://www.loc.gov/MARC21/slim"><record><leader>00382nam--2200145-i-4500</leader><controlfield tag="001">000009395</controlfield><controlfield tag="002">20161230</controlfield><controlfield tag="005">20161230201028</controlfield><controlfield tag="008">060222s1000------------r-----000-0-eng-d</controlfield><datafield ind1=" " ind2=" " tag="080"><subfield code="a">681.31</subfield></datafield><datafield ind1=" " ind2=" " tag="100"><subfield code="a">Adams, P</subfield></datafield><datafield ind1=" " ind2=" " tag="245"><subfield code="a">A real-time interpreter for computer control</subfield></datafield><datafield ind1=" " ind2=" " tag="260"><subfield code="a">Chilton, Didcot, Bershire, Rutherford Energy Laboratory, 1970 5 P</subfield></datafield><datafield ind1=" " ind2=" " tag="490"><subfield code="a">207</subfield></datafield><datafield ind1=" " ind2=" " tag="852"><subfield code="a">33486</subfield></datafield></record></collection>